<?xml version="1.0" encoding="UTF-8"?><collection xmlns="http://www.loc.gov/MARC21/slim"><record><leader>00485nam--2200181-u-4500</leader><controlfield tag="001">000056486</controlfield><controlfield tag="002">20161230</controlfield><controlfield tag="005">20161230201052</controlfield><controlfield tag="008">151029s1000------------r-----000-0-rus-d</controlfield><datafield ind1=" " ind2=" " tag="040"><subfield code="a">IFIN-HH</subfield></datafield><datafield ind1=" " ind2=" " tag="041"><subfield code="a">rus</subfield></datafield><datafield ind1=" " ind2=" " tag="080"><subfield code="a">53</subfield></datafield><datafield ind1="1" ind2=" " tag="100"><subfield code="a">Menzel, Donald H</subfield></datafield><datafield ind1="1" ind2="0" tag="245"><subfield code="a">Osnovnie formuli fiziki</subfield><subfield code="c">Donald h. menzel (ed.)</subfield></datafield><datafield ind1=" " ind2=" " tag="260"><subfield code="a">Moskva</subfield><subfield code="b">Inostrannoi Litaraturi</subfield><subfield code="c">1957</subfield></datafield><datafield ind1=" " ind2=" " tag="300"><subfield code="a">655P</subfield></datafield><datafield ind1=" " ind2=" " tag="500"><subfield code="a">Titlil Original In Limba Engleza:Fundamental Formulas Of Physics</subfield></datafield><datafield ind1=" " ind2=" " tag="852"><subfield code="a">4924</subfield></datafield></record></collection>